<?xml version="1.0" encoding="UTF-8"?><collection><record><leader>05986ntm a2200577 a 4500</leader><controlfield tag="001">006806238</controlfield><controlfield tag="003">MiAaHDL</controlfield><controlfield tag="005">20190719000000.0</controlfield><controlfield tag="006">m        d        </controlfield><controlfield tag="007">cr bn ---auaua</controlfield><controlfield tag="008">090602q14501499xx            00| ||ara d</controlfield><datafield tag="035" ind1=" " ind2=" "><subfield code="a">(MiU)006806238</subfield></datafield><datafield tag="035" ind1=" " ind2=" "><subfield code="a">sdr-miu006806238</subfield></datafield><datafield tag="040" ind1=" " ind2=" "><subfield code="a">MiU</subfield><subfield code="c">MiU</subfield><subfield code="e">amremm</subfield></datafield><datafield tag="043" ind1=" " ind2=" "><subfield code="a">n-us-mi</subfield></datafield><datafield tag="100" ind1="1" ind2=" "><subfield code="6">880-01</subfield><subfield code="a">Sanhūrī, Ja‘far ibn Ibrāhīm al-Maqarrī,</subfield><subfield code="d">1407-1489.</subfield></datafield><datafield tag="240" ind1="1" ind2="0"><subfield code="6">880-02</subfield><subfield code="a">Jawhar al-fākhir</subfield></datafield><datafield tag="245" ind1="1" ind2="0"><subfield code="6">880-03</subfield><subfield code="a">Kitāb al-Jawhar al-fākhir min qirāʼat Ibn ʻĀmir,</subfield><subfield code="f">mid to late 15th century?].</subfield></datafield><datafield tag="246" ind1="3" ind2="8"><subfield code="a">قراءت</subfield></datafield><datafield tag="246" ind1="3" ind2=" "><subfield code="i">Edge title (tail):</subfield><subfield code="a">الجوهر الفاخر في القراءات</subfield></datafield><datafield tag="260" ind1=" " ind2=" "><subfield code="c">[1450-1499?].</subfield></datafield><datafield tag="300" ind1=" " ind2=" "><subfield code="a">221 leaves :</subfield><subfield code="b">paper ;</subfield><subfield code="c">210 x 158 (149 x 95) mm.</subfield></datafield><datafield tag="500" ind1=" " ind2=" "><subfield code="a">Shelfmark: Ann Arbor, University of Michigan, Special Collections Library, Isl. Ms. 471</subfield></datafield><datafield tag="500" ind1=" " ind2=" "><subfield code="a">Origin: Lacks dated colophon ; paper, etc. suggest mid to late 15th century. Ownership statement on 'title page' (p.1) provides terminus ante quem of 1177 [1763 or 4].</subfield></datafield><datafield tag="500" ind1=" " ind2=" "><subfield code="a">Accompanying materials: a. Inventory cataloguing slip in hand of Winifred Smeaton Thomas -- b. Acquisitions slip from Yahuda.</subfield></datafield><datafield tag="500" ind1=" " ind2=" "><subfield code="a">Former shelfmark: From inner front cover, "M. 23" (likely supplied by Yahuda, see acquisitions slip).</subfield></datafield><datafield tag="500" ind1=" " ind2=" "><subfield code="a">Binding: Pasteboards covered in lavender paper with tan leather over spine and fore edge flap ; Type II binding (with flap) ; board linings in pale blue paper ; sewn in red thread, two stations ; worked chevron endbands in magenta and cream, good condition ; overall in poor condition with lower cover fully detached, spine detaching, lifting and losses of leather and paper, staining, abrasion, etc. ; housed in box for protection.</subfield></datafield><datafield tag="500" ind1=" " ind2=" "><subfield code="a">Support: European laid paper of two main types ; main type with 10 laid lines per cm. (vertical), chain lines spaced 37 mm. apart (horizontal), and large bunch of grapes watermark (noose on stem, drop-shaped berries, see p.8, 13, 28, etc.), thin and transluscent though sturdy, dark cream to beige in color, quite well-burnished ; another type with 11 laid lines per cm. (vertical), chain lines spaced 27-37 mm. apart (horizontal), and crossed swords watermark (see p.432, 433, etc.), lighter in color, less well-burnished, still fairly transluscent ; some ink burn, staining and tide lines.</subfield></datafield><datafield tag="500" ind1=" " ind2=" "><subfield code="a">Decoration: Keywords and section headings rubricated.</subfield></datafield><datafield tag="500" ind1=" " ind2=" "><subfield code="a">Script: Naskh ; an angular Egyptian [?] or 'Syrian' hand in a medium to bold line ; serifless with dramatic effect of tilt to the right, elongation of horizontal strokes, occasional effect of words descending to baseline, mainly rectilinear descenders, pointing in strokes rather than distinct dots, kāf mashkūlah (mashqūqah) preferred, some free assimilation of letters.</subfield></datafield><datafield tag="500" ind1=" " ind2=" "><subfield code="a">Layout: Written in 19 lines per page.</subfield></datafield><datafield tag="500" ind1=" " ind2=" "><subfield code="a">Collation: 6 V(60), VI (72), 4 V(112), IV (120), V (130), VI (142), 2 V(162), IV (170), 3 V(200), V+1 (211), V (221) ; chiefly quinions ; catchwords present ; pagination in pencil, Western numerals, supplied during digitization.</subfield></datafield><datafield tag="500" ind1=" " ind2=" "><subfield code="a">Explicit: "ولم يسهلوها او يبدلوها حرف بل كما فعلوا في الذكرين ونحوه [؟] والحمد لله وحده"</subfield></datafield><datafield tag="500" ind1=" " ind2=" "><subfield code="a">Incipit: "الحمد لله العلي الجليل القادر الواحد الاحد الفرد الصمد القاهر ... احمده على نعمه المتزائدة الغزائر ... وبعد فهذا مختصر اذكر فيه ما قرأت به من رواية الامام عبد الله الدمشقي ابن عامر من روايتي هشام وابن ذكوان عنه بواسطة اصحابهما ..."</subfield></datafield><datafield tag="500" ind1=" " ind2=" "><subfield code="a">Title from inscription in hand of copyist on 'title page' (p.1).</subfield></datafield><datafield tag="500" ind1=" " ind2=" "><subfield code="a">Ms. codex.</subfield></datafield><datafield tag="510" ind1="4" ind2=" "><subfield code="a">Brockelmann, C. GAL,</subfield><subfield code="c">II 115</subfield></datafield><datafield tag="520" ind1="8" ind2=" "><subfield code="a">Fine copy of an extract taken from al-Jāmiʻ al-azhar al-mufīd li-mufradāt al-arbaʻah ʻashr maʻa ṣināʻat al-rasm wa-al-tajwīd, a compilation on Qurʼānic readings (qirāʼāt) by Jaʻfar ibn Ibrāhīm ibn Sulaymān al-Muqrīʼ al-Shāfiʻī al-Sanhūrī al-Azharī (d.1489).</subfield></datafield><datafield tag="538" ind1=" " ind2=" "><subfield code="a">Mode of access: Internet.</subfield></datafield><datafield tag="541" ind1=" " ind2=" "><subfield code="a">Acquired in 1926 from the bookseller Isaac Benjamin S.E. Yahuda via purchase transacted on his behalf by Abraham Shalom Yahuda (1877-1951), his younger brother.</subfield></datafield><datafield tag="546" ind1=" " ind2=" "><subfield code="a">Arabic.</subfield></datafield><datafield tag="561" ind1=" " ind2=" "><subfield code="a">Several ownership statement on 'title page' (p.1) including statement dated 1177 [1763 or 4] in name of Muṣṭafá al-Faraḍī [al-Farḍī] reads "دخل في ملك الفقير مصطفى الفرضي غفر له سنة ١١٧٧", statement in name of ʻAlī ibn Nāṣir al-Dīn al-Ṭarābulusī reads "الحمد لله من كتب الفقير الى لطف ربه ... علي بن ناصر الدين الطرابلسي عفي عنهم ...", statement dated 29 Rabīʻ I 1260? [ca. 18 April 1844?] in name of ʻAbd al-Ghanī ibn al-Shaykh Ḥasan al-Bayṭār [?] statement reads "مما تشرف به الفقير عبد الغني بن الشيخ حسن البيطار [؟] ٢٩ في ربيع ... سنة ١٢٦٠ " etc. ; occasional glosses, marginal corrections and notabilia (side-heads, mainly marked مطلب).</subfield></datafield><datafield tag="630" ind1="0" ind2="0"><subfield code="a">Qurʼan</subfield><subfield code="x">Readings</subfield><subfield code="v">Early works to 1800.</subfield></datafield><datafield tag="630" ind1="0" ind2="0"><subfield code="a">Qurʼan</subfield><subfield code="x">Recitation</subfield><subfield code="v">Early works to 1800.</subfield></datafield><datafield tag="650" ind1=" " ind2="0"><subfield code="a">Manuscripts, Arabic</subfield><subfield code="z">Michigan</subfield><subfield code="z">Ann Arbor.</subfield></datafield><datafield tag="700" ind1="0" ind2=" "><subfield code="6">880-05</subfield><subfield code="a">Muṣṭafá al-Faraḍī,</subfield><subfield code="d">fl. 1763,</subfield><subfield code="e">former owner.</subfield></datafield><datafield tag="773" ind1="0" ind2=" "><subfield code="a">Yahuda Collection.</subfield></datafield><datafield tag="880" ind1="0" ind2=" "><subfield code="6">700-05/</subfield><subfield code="a">مصطفى الفرضي،</subfield><subfield code="e">مالك سابق.</subfield></datafield><datafield tag="880" ind1="1" ind2="0"><subfield code="6">245-03/</subfield><subfield code="a">كتاب الجوهر الفاخر من قراءة ابن عامر,</subfield><subfield code="f">اواسط الى اواخر القرن 15م؟].</subfield></datafield><datafield tag="880" ind1="1" ind2="0"><subfield code="6">240-02/</subfield><subfield code="a">جوهر الفاخر</subfield></datafield><datafield tag="880" ind1="1" ind2=" "><subfield code="6">100-01/</subfield><subfield code="a">سنهوري, جعفر بن ابراهيم المقري.</subfield></datafield><datafield tag="CID" ind1=" " ind2=" "><subfield code="a">006806238</subfield></datafield><datafield tag="DAT" ind1="0" ind2=" "><subfield code="a">20190719102637.0</subfield><subfield code="b">20190719000000.0</subfield></datafield><datafield tag="DAT" ind1="1" ind2=" "><subfield code="a">20190719090653.0</subfield><subfield code="b">2019-07-19T16:11:42Z</subfield></datafield><datafield tag="DAT" ind1="2" ind2=" "><subfield code="a">2015-10-02T18:00:03Z</subfield></datafield><datafield tag="CAT" ind1=" " ind2=" "><subfield code="a">SDR-MIU</subfield><subfield code="d">EX LIBRIS - ALEPH</subfield><subfield code="l">prepare.pl-004-008</subfield></datafield><datafield tag="FMT" ind1=" " ind2=" "><subfield code="a">BK</subfield></datafield><datafield tag="HOL" ind1=" " ind2=" "><subfield code="0">sdr-miu006806238</subfield><subfield code="a">MiU</subfield><subfield code="b">SDR</subfield><subfield code="c">MIU</subfield><subfield code="p">mdp.39015079127778</subfield><subfield code="s">MIU</subfield><subfield code="1">006806238</subfield></datafield><datafield tag="974" ind1=" " ind2=" "><subfield code="b">MIU</subfield><subfield code="c">MIU</subfield><subfield code="d">20190719</subfield><subfield code="s">lit-dlps-dc</subfield><subfield code="u">mdp.39015079127778</subfield><subfield code="y">1499</subfield><subfield code="r">pd</subfield><subfield code="q">bib</subfield><subfield code="t">non-US bib date2 &lt; 1879</subfield></datafield></record></collection>